<?xml version="1.0" encoding="UTF-8"?><collection xmlns="http://www.loc.gov/MARC21/slim"><record><leader>00457nam--2200181-i-4500</leader><controlfield tag="001">000047764</controlfield><controlfield tag="002">20161230</controlfield><controlfield tag="005">20161230201046</controlfield><controlfield tag="008">060222s1000------------r-----000-0-eng-d</controlfield><datafield ind1=" " ind2=" " tag="040"><subfield code="a">IFIN-HH</subfield></datafield><datafield ind1=" " ind2=" " tag="080"><subfield code="a">53=03-82=20</subfield></datafield><datafield ind1="1" ind2=" " tag="100"><subfield code="a">Yavorsky, Boris M</subfield></datafield><datafield ind1="1" ind2="0" tag="245"><subfield code="a">Fundamentals of physics. vol.i</subfield><subfield code="c">B.m. yavorsky, a.a. pinsky</subfield></datafield><datafield ind1=" " ind2=" " tag="260"><subfield code="a">Moscow</subfield><subfield code="b">Mir</subfield><subfield code="c">1975</subfield></datafield><datafield ind1=" " ind2=" " tag="300"><subfield code="a">488P</subfield></datafield><datafield ind1="1" ind2=" " tag="700"><subfield code="a">Pinsky, A.A</subfield></datafield><datafield ind1=" " ind2=" " tag="852"><subfield code="a">47744</subfield><subfield code="c">53</subfield></datafield><datafield ind1=" " ind2=" " tag="CAT"><subfield code="a">Sys</subfield><subfield code="c">20150326</subfield><subfield code="h">085629</subfield></datafield></record></collection>